 @comment{first,
    author = "Pamela Fry",
    title = "Literature Review Template",
    howpublished = {\url{https://www.tru.ca/__shared/assets/Literature_Review_Template30564.pdf}},
    note = {Thompson Rivers University. Online; accessed 3 September, 2018}
}
@article{zero1,
	author={K. He and X. Zhang and S. Ren and J. Sun},
	title={Deep Residual Learning for Image Recognition},
	journal={ The IEEE Conference on Computer Vision and Pattern Recognition (CVPR)},
	volume={IEEE},
	year={2018},
}

@article{zero2,
	author={A.W. Senior and A.J. Robinson},
	title={An off-line cursive handwriting recognition system},
	journal={IEEE Transactions on Pattern Analysis and Machine Intelligence },
	volume={IEEE},
	year={1998},
}
@article{zero3,
	author={V. Dalibard and M. Schaarschmidts and E. Yoneki},
	title={BOAT: Building Auto-Tuners with Structured Bayesian Optimization},
	journal={Proceedings of the 26th International Conference on World Wide Web},
	volume={ACM},
	year={2017},
}
@article{zero4,
	author={A.H. Ashouri and W. Killian and G. Palmero and C. Silvano},
	title={A Survey on Compiler Autotuning using Machine Learning},
	journal={ACM Computing Surveys},
	volume={ACM},
	year={2018},
}
@article{first,
	author={C. Cummins and P. Petoumenos and Z. Wang and H. Leather},
	title={End-to-end Deep Learning of Optimization Heuristics},
	journal={26th International Conference on Parallel Architectures and Compilation Techniques (PACT)},
	volume={IEEE},
	year={2017},
}
@article{firstwork,
	author={S. Lee and S. Min and R. Eigenmann},
	title={OpenMP to GPUGPU: A compiler Framework for Automatic Translation and Optimizarion},
	journal={PPoPP '09 Proceedings of the 14th ACM SIGPLAN symposium on Principles and practice of parallel programming},
	year={2009},
}
@article{second,
	author={D. Grewe and Z. Wang and M.F.P. O' Boyle},
	title={Portable Mapping of Data Parallel Programs to openCL for Heterogenous Systems},
	journal={Proceedings of the 2013 IEEE/ACM International Symposium on Code Generation and Optimization (CGO)},
	year={2013},
}
@article{fourth,
	author={R. Bordawekar and U. Bondhugula and R. Rao},
	title={Believe it or not! multi-core CPUs can match GPU performance for a FLOP-intensive application!},
	journal={Published in: 2010 19th International Conference on Parallel Architectures and Compilation Techniques (PACT)},
	year={2010},
}
@article{fifth,
	author={V.W. Lee and C.Kim and J.Chhugani	and M.Deisher	and D.Kim	and A.D. Nguyen and N.Satish	and M.Smelyanskiy and S.Chennupaty and P.Hammarlund	and R.Singhal and P.Dubey	},
	title={Debunking the 100X GPU vs. CPU myth: an evaluation of throughput computing on CPU and GPU},
	journal={ISCA '10 Proceedings of the 37th annual international symposium on Computer architecture},
	year={2010},
}
@article{c4,
	author={J. R. Quinlan},
	title={C4.5: programs for machine learning},
	journal={Morgan Kaufmann Publishers},
	year={1993},
}
@misc{nasbenchmark,
	author = {NAS parallel benchmarks 2.3 OpenMPC version},
	howpublished = "\url{ http: //phase.hpcc.jp/Omni/benchmarks/NPB/index.html}",
}
@misc{amdbenchmark,
	author = {AMD. AMD/ATI Stream SDK},
	howpublished = "\url{http://www.amd.com/ stream/}",
}
@misc{nvdiabenchmark,
	author = {NVIDIA Corp NVIDIA CUDAK},
	howpublished = "\url{http://developer. nvidia.com/object/cuda.html}",
}
@article{sixth,
	author={C. Cummins and P. Petoumenos and Z. Wang and H. Leather},
	title={Synthesizing Benchmarks for Predictive Modeling},
	journal={CGO '17 Proceedings of the 2017 International Symposium on Code Generation and Optimization},
	year={2017},
}
@article{qa,
	author={H. Gao and J. Mao and J. Zhou and Z. Huang and L. Wang and W. Xu.},
	title={Are You Talking to a Machine? Dataset and Methods for Multilingual Image Question Answering},
	journal={In: arXiv:1505.05612},
	year={2015},
}
@article{colorization,
	author={R. Zhang and P. Isola and A.A. Efros},
	title={Colorful Image Colorization},
	journal={In: arXiv:1603.08511},
	year={2016},
}
@article{turing,
	author={A. M. Turing},
	title={COMPUTING MACHINERY AND INTELLIGENCE},
	year={1950},
}
@article{token,
	author={M. Allamanis and C. Sutton},
	title={Mining source code repositories at massive scale using Language Modeling},
	journal={10th Working Conference on Mining Software Repositories (MSR)},
	year={2013},
}
@article{tenfold,
	author={M. Kamber and J. Pei and J. Han},
	title={Data mining: concepts and techniques},
	journal={Elsevier},
	year={2011},
}
@article{threadseminal,
	author={A. Magni and C. Dubach and M.F.P. O' Boyle},
	title={A Large-scale Cross Architecture Evaluation of Thread Coarsening},
	journal={SC '13: Proceedings of the International Conference on High Performance Computing, Networking, Storage and Analysis},
	year={2013},
}
@article{threadautomatic,
	author={A. Magni and C. Dubach and M.F.P. O' Boyle},
	title={Automatic Optimization of Thread-Coarsening for Graphic Processors},
	journal={2014 23rd International Conference on Parallel Architecture and Compilation Techniques (PACT))},
	year={2014},
}
@article{divergence,
	author={B. Coutinho and D. Sampaio and F. M. Q. Pereira and W. Meira Jr},
	title={Divergence analysis and optimizations},
	journal={Parallel Architectures and Compilation Techniques (PACT), 2011 International Conference on},
	volume={IEEE},
	year={2011},
}
